
@Book{abrial10:_model_event_b,
  author = 	 {J-R. Abrial},
  title = 	 {Modeling in {Event-B}: System and Software Engineering},
  publisher = 	 {Cambridge University Press},
  year = 	 2010
}

@Article{abrial10:_rodin,
  author = 	 {J-R. Abrial and M. Butler and S. Hallerstede and T.S. Hoang and F. Mehta and L. Voisin},
  title = 	 {{Rodin}: An Open Toolset for Modelling and Reasoning in {Event-B}},
  journal = 	 {Software Tools for Technology Transfer},
  year = 	 2010,
  month = 	 nov,
  volume = 	 12,
  number = 	 6,
  pages = 	 {447--466},
  publisher =    {Springer-Verlag},
}


@misc{siriuswebsite,
author = {{Eclipse Foundation}},
title = {{Sirius} Project Website},
month = March,
year = {2016},
howpublished = {https://eclipse.org/sirius/overview.html}
}

%\bibliographystyle{alpha}
%\bibliographystyle{unsrt}
%\bibliographystyle{abbrv}

